%! Author = kali
%! Date = 25/10/2023

